%%
%% $Id: arbeit.bib 77 2009-07-30 19:19:14Z aahz $
%%
@BOOK{ttb,
  AUTHOR =       {Knuth, Donald E.},
  TITLE =        {{The \TeX{}book}},
  PUBLISHER =    {Addison-Wesley Publishing Company},
  YEAR =         {1993},
  edition =      {3.},
}
