% This file was created with Citavi 5.2.0.8

@article{Immitzer.2016,
 author = {Immitzer, Markus and Stepper, Christoph and B{\"o}ck, Sebastian and Straub, Christoph and Atzberger, Clement},
 year = {2016},
 title = {Use of WorldView-2 stereo imagery and National Forest Inventory data for wall-to-wall mapping of growing stock},
 pages = {232--246},
 volume = {359},
 issn = {0378-1127},
 journal = {Forest Ecology and Management},
 doi = {10.1016/j.foreco.2015.10.018}
}


@article{Stepper.2015,
 author = {Stepper, C. and Straub, C. and Pretzsch, H.},
 year = {2015},
 title = {Assessing height changes in a highly structured forest using regularly acquired aerial image data},
 pages = {304--316},
 volume = {88},
 number = {3},
 issn = {0015-752X},
 journal = {Forestry},
 doi = {10.1093/forestry/cpu050}
}


@article{Stepper.2015b,
 author = {Stepper, Christoph and Straub, Christoph and Pretzsch, Hans},
 year = {2015},
 title = {Using semi-global matching point clouds to estimate growing stock at the plot and stand levels: application for a broadleaf-dominated forest in central Europe},
 pages = {111--123},
 volume = {45},
 number = {1},
 issn = {0045-5067},
 journal = {Canadian Journal of Forest Research},
 doi = {10.1139/cjfr-2014-0297}
}


@article{Stepper.2016,
 author = {Stepper, Christoph and Straub, Christoph and Immitzer, Markus and Pretzsch, Hans},
 year = {submitted},
 title = {Canopy heights from digital aerial photogrammetry to spatially transfer forest attribute models: a case study in central Europe},
 journal = {Scandinavian Journal of Forest Research}
}


@article{Straub.2016,
 author = {Straub, Christoph and Stepper, Christoph},
 year = {submitted},
 title = {Using digital aerial photogrammetry and the Random Forests approach to model forest inventory attributes in beech- and spruce-dominated central European forests},
 journal = {Photogrammetrie - Fernerkundung -Geoinformation}
}


@article{White.2015,
 author = {White, Joanne C. and Stepper, Christoph and Tompalski, Piotr and Coops, Nicholas C. and Wulder, Michael A.},
 year = {2015},
 title = {Comparing ALS and Image-Based Point Cloud Metrics and Modelled Forest Inventory Attributes in a Complex Coastal Forest Environment},
 pages = {3704--3732},
 volume = {6},
 number = {10},
 issn = {1999-4907},
 journal = {Forests},
 doi = {10.3390/f6103704}
}


